@BOOK{Benstead201006,
title={Beginning OpenGL Game Programming, 2nd Edition},
author={Luke Benstead},
publisher={Delmar Learning},
year={2010},
month=jun,
edition={2nd},
asin={B003T0G6RE},
url={http://amazon.com/o/ASIN/B003T0G6RE/},
price={$34.99},
totalpages={290},
timestamp={2011.04.03},
}

@BOOK{ShreinerGroup200907,
title={OpenGL Programming Guide: The Official Guide to Learning OpenGL, Versions 3.0 and 3.1 (7th Edition)},
author={Dave Shreiner and The Khronos OpenGL ARB Working Group},
publisher={Addison-Wesley Professional},
year={2009},
month=jul,
edition={7},
isbn={9780321552624},
url={http://amazon.com/o/ASIN/0321552628/},
price={$59.99},
totalpages={936},
timestamp={2011.04.03},
}

@misc{ringer_age,
author = "Kevin Clark",
title = {The NFL Has an Age Problem – The Ringer},
year = {2016},
url = {https://theringer.com/the-nfl-has-an-age-problem-7068825845e4}",
note = "[Online; 11.05.2017.]"
}

@misc{RBs,
	author = "Rich Exner and Bill Lubinger, The Plain Dealer ",
	title = {Is there no place for the running back high in the NFL draft? Analysis},
	year = {2012},
	url = {http://www.cleveland.com/browns/index.ssf/2012/04/is_there_no_place_for_the_runn.html}",
	note = "[Online; 11.05.2017.]"
}

@misc{RBs2,
	author = "Chase Stuart",
	title = {Declining Running Back Value in the Draft},
	year = {2014},
url = {http://www.footballperspective.com/declining-running-back-value-in-the-draft/}",
	note = "[Online; 11.05.2017.]"
}

@misc{OL,
	author = "Dave Archibald",
	title = {Offensive Line Investment: They Pay These Guys How Much?!},
	year = {2015},
	url = {http://insidethepylon.com/nfl/front-office/2015/10/28/offensive-line-investment-they-pay-these-guys-how-much/}",
	note = "[Online; 11.05.2017.]"
}

@misc{Deep,
	author = "Brian Burke ",
	title = {Deep vs. Short Passes},
	year = {2010},
	url = {http://archive.advancedfootballanalytics.com/2010/09/deep-vs-short-passes.html}",
	note = "[Online; 11.05.2017.]"
}

@misc{NEP,
	author = "Phillip Barnett",
	title = {Aesthetic: The deep ball},
	year = {2017},
	url = {http://www.yardbarker.com/nfl/articles/aesthetic_the_deep_ball/s1_13132_23134000}",
	note = "[Online; 11.05.2017.]"
}

@misc{Sloan,
	author = "Službena stranica",
	title = {MIT Sloan Sports Analytics Conference},
	year = {2017},
	url = {http://www.sloansportsconference.com/}",
	note = "[Online; 11.05.2017.]"
}

@misc{bio,
	author = "Jeremy Venook",
	title = {The Upcoming Privacy Battle Over Wearables in the NBA},
	year = {2017},
	url = {https://www.theatlantic.com/business/archive/2017/04/biometric-tracking-sports/522222/https://www.theatlantic.com/business/archive/2017/04/biometric-tracking-sports/522222/}",
	note = "[Online; 11.05.2017.]"
}

@misc{NBAshots,
	author = {Yu-Han Chang, Rajiv Maheswaran, et al.},
	title = {Quantifying Shot Quality in the NBA},
	year = {2014}, 
	note = "[Preuzeto; 11.05.2017.]"
}

@misc{corner3s,
	author = {Kirk Goldsberry}
	title = {CourtVision: How the Spurs and Heat Use the Most Important Shot in Basketball},
	year = {2013},
	url = {http://grantland.com/the-triangle/courtvision-how-the-spurs-and-heat-use-the-most-important-shot-in-basketball/}
	note = "[Preuzeto; 11.05.2017.]"
}

@misc{models,
	author = {Viraj Sanghvi, Jesse Fischer }
	title = { NBA Draft Models },
	year = {2017},
	url = {http://www.tothemean.com/tools/draft-models}
	note = "[Preuzeto; 11.05.2017.]"
}


